<record><leader>00000cas a2200000 a 4500</leader><controlfield tag="001">9587308</controlfield><controlfield tag="008">830608d18451851maudn ne      0    0eng c</controlfield><datafield ind1=" " ind2=" " tag="010"><subfield code="a">sn 83020852 </subfield></datafield><datafield ind1=" " ind2=" " tag="040"><subfield code="a">NPX</subfield><subfield code="b">eng</subfield><subfield code="c">NPX</subfield><subfield code="d">DLC</subfield><subfield code="d">YOX</subfield><subfield code="d">MGN</subfield><subfield code="d">CNW</subfield><subfield code="d">HUL</subfield><subfield code="d">NVF</subfield><subfield code="d">DLC</subfield><subfield code="d">OCL</subfield><subfield code="d">KRTAS</subfield><subfield code="d">OCLCQ</subfield><subfield code="d">OCLCF</subfield><subfield code="d">OCLCO</subfield></datafield><datafield ind1="1" ind2=" " tag="029"><subfield code="a">AU@</subfield><subfield code="b">000020122984</subfield></datafield><datafield ind1=" " ind2=" " tag="042"><subfield code="a">pcc</subfield></datafield><datafield ind1=" " ind2=" " tag="043"><subfield code="a">n-us-ma</subfield></datafield><datafield ind1="0" ind2="0" tag="050"><subfield code="a">Newspaper</subfield></datafield><datafield ind1="0" ind2=" " tag="130"><subfield code="a">Daily Republican (Springfield, Mass.)</subfield></datafield><datafield ind1="1" ind2="0" tag="245"><subfield code="a">Daily Republican.</subfield></datafield><datafield ind1="1" ind2="3" tag="246"><subfield code="a">Daily evening Republican</subfield><subfield code="f">Jan. 1-Dec. 3, 1845</subfield></datafield><datafield ind1=" " ind2=" " tag="260"><subfield code="a">Springfield, Mass. :</subfield><subfield code="b">Samuel Bowles</subfield></datafield><datafield ind1=" " ind2=" " tag="300"><subfield code="a">v.</subfield></datafield><datafield ind1=" " ind2=" " tag="310"><subfield code="a">Daily (except Sunday)</subfield></datafield><datafield ind1="0" ind2=" " tag="362"><subfield code="a">Vol. 1, no. 232 (Jan. 1, 1845)-v. 8, no. 154 (June 30, 1851).</subfield></datafield><datafield ind1=" " ind2=" " tag="530"><subfield code="a">Also issued on microfilm from University Microfilms International, Ann Arbor, MI.</subfield></datafield><datafield ind1=" " ind2=" " tag="580"><subfield code="a">Weekly eds.: Springfield Republican (Springfield, Mass. : 1838), 1845-&lt;1847&gt;, and: Springfield weekly Republican (Springfield, Mass.), &lt;1851&gt;.</subfield></datafield><datafield ind1=" " ind2="0" tag="651"><subfield code="a">Springfield (Mass.)</subfield><subfield code="v">Newspapers.</subfield></datafield><datafield ind1=" " ind2="7" tag="655"><subfield code="a">Newspapers.</subfield><subfield code="2">fast</subfield><subfield code="0">(OCoLC)fst01423814</subfield></datafield><datafield ind1=" " ind2="7" tag="651"><subfield code="a">Massachusetts</subfield><subfield code="z">Springfield.</subfield><subfield code="2">fast</subfield><subfield code="0">(OCoLC)fst01205519</subfield></datafield><datafield ind1=" " ind2=" " tag="752"><subfield code="a">United States</subfield><subfield code="b">Massachusetts</subfield><subfield code="c">Hampden</subfield><subfield code="d">Springfield.</subfield></datafield><datafield ind1="1" ind2=" " tag="775"><subfield code="t">Springfield Republican (Springfield, Mass. : 1838)</subfield><subfield code="w">(DLC)sn 83020846</subfield></datafield><datafield ind1="1" ind2=" " tag="775"><subfield code="t">Springfield weekly Republican (Springfield, Mass.)</subfield><subfield code="w">(DLC)sn 83020847</subfield></datafield><datafield ind1="0" ind2="0" tag="780"><subfield code="t">Daily evening Republican (Springfield, Mass.)</subfield><subfield code="w">(DLC)sn 83020853</subfield></datafield><datafield ind1="0" ind2="5" tag="780"><subfield code="t">Springfield daily gazette (Springfield, Mass.)</subfield><subfield code="g">1848</subfield><subfield code="w">(DLC)sn 83020820</subfield></datafield><datafield ind1="0" ind2="0" tag="785"><subfield code="t">Springfield daily Republican (Springfield, Mass.)</subfield><subfield code="w">(DLC)sn 83045602</subfield></datafield><datafield ind1=" " ind2=" " tag="938"><subfield code="a">Kirtas Technologies, Inc.</subfield><subfield code="b">KRTS</subfield><subfield code="n">736844</subfield></datafield></record>